<record><leader>00000cas a22000007a 4500</leader><controlfield tag="001">34797487</controlfield><controlfield tag="008">960529c199u9999txuwr n       0   a0eng c</controlfield><datafield ind1=" " ind2=" " tag="010"><subfield code="a">sn 96002346 </subfield></datafield><datafield ind1=" " ind2=" " tag="040"><subfield code="a">NSD</subfield><subfield code="b">eng</subfield><subfield code="c">NSD</subfield><subfield code="d">OCLCQ</subfield></datafield><datafield ind1=" " ind2=" " tag="012"><subfield code="m">y</subfield></datafield><datafield ind1="1" ind2=" " tag="022"><subfield code="a">1088-9698</subfield><subfield code="l">1088-9698</subfield><subfield code="y">1048-8170</subfield><subfield code="2">1</subfield></datafield><datafield ind1=" " ind2=" " tag="032"><subfield code="a">974040</subfield><subfield code="b">USPS</subfield></datafield><datafield ind1=" " ind2=" " tag="042"><subfield code="a">nsdp</subfield><subfield code="a">pcc</subfield></datafield><datafield ind1=" " ind2="4" tag="222"><subfield code="a">The Clarendon enterprise</subfield></datafield><datafield ind1="0" ind2="4" tag="245"><subfield code="a">The Clarendon enterprise.</subfield></datafield><datafield ind1=" " ind2=" " tag="260"><subfield code="a">Clarendon, TX :</subfield><subfield code="b">Clarendon Press</subfield></datafield><datafield ind1=" " ind2=" " tag="300"><subfield code="a">v.</subfield></datafield><datafield ind1=" " ind2=" " tag="310"><subfield code="a">Weekly</subfield></datafield><datafield ind1=" " ind2=" " tag="588"><subfield code="a">Description based on: Vol. 6, no. 17 (Apr. 25, 1996).</subfield></datafield><datafield ind1=" " ind2=" " tag="752"><subfield code="a">United States</subfield><subfield code="b">Texas</subfield><subfield code="c">Donley</subfield><subfield code="d">Clarendon.</subfield></datafield><datafield ind1="0" ind2="4" tag="780"><subfield code="t">Clarendon news (1990)</subfield><subfield code="x">1048-8170</subfield><subfield code="w">(DLC)sn 90004438</subfield></datafield></record>